% 1
@book{Baran.komutacja-pakietow,
author="Baran, Paul",
title="On Distributed Communications: Summary Overview",
address="Santa Monica, CA",
year="1964",
doi="10.7249/RM3767",
publisher="RAND Corporation"
}
% 2
@misc{Raducha.responsywne-strony-internetowe,
author = {Bartek, Raducha},
booktitle = {WebWave},
title = {{Jak zrobi{\'{c}} responsywn{\c{a}} stron{\c{e}} www? Kompletny poradnik dotycz{\c{a}}cy responsywno{\'{s}}ci stron}},
url = {https://webwavecms.com/blog/responsywna-strona-internetowa{\#}sec-5},
year = {2018}
}
% 3
@techreport{Berners-Lee.world-wide-web,
abstract = {Berners-Lee, T.J., R. Cailliau and J.-F. Groff, The worldwide web, Computer Networks and ISDN Systems 25 (1992) 454-459. This paper describes the WorldWide Web (W3) global information system initiative, its protocols and data formats, and how it is used in practice. It discusses the plethora of different but similar information systems which exist, and how the web unifies them, creating a single information space. We describe the difficulties of information sharing between colleagues, and the basic W3 model of hypertext and searchable indexes. We list the protocols used by W3 and describe a new simple search and retrieve protocol (HTFP), and the SGML style document encoding used. We summarize the current status of the X11, NeXTStep, dumb terminal and other clients, and of the available server and gateway software.},
author = {Berners-Lee, T J and Cailliau, R and Groff, J.-F},
booktitle = {Computer Networks and ISDN Systems},
file = {:home/kunkap/.local/share/data/Mendeley Ltd./Mendeley Desktop/Downloaded/Berners-Lee, Cailliau, Groff - 1992 - The world-wide web.pdf:pdf},
isbn = {2276677155},
keywords = {application,browser,global information,hypertext,networked information retrieval,server,world-wide web},
mendeley-groups = {Praca in{\.{z}}ynierska},
pages = {454--459},
title = {{The world-wide web}},
volume = {25},
year = {1992}
}
% 4
@techreport{rfc.2396.URI,
  added-at = {2006-12-04T13:55:41.000+0100},
  author = {Berners-Lee, T.},
  biburl = {https://www.bibsonomy.org/bibtex/208517a68e5da5b5e3059c7f3bd6ddb70/wikier},
  description = {SWAML PFC BibTeX},
  institution = {MIT},
  interhash = {a6436cfe8523ac8850c4b67b687b1760},
  intrahash = {08517a68e5da5b5e3059c7f3bd6ddb70},
  keywords = {swaml rfc},
  owner = {wikier},
  timestamp = {2006-12-04T13:55:41.000+0100},
  title = {{RFC} 2396: {U}niform {R}esource {I}dentifiers ({URI})},
  url = {http://www.rfc-archive.org/getrfc.php?rfc=2396},
  year = 1998
}
% 5
@misc{Appmaker.PWA-examples,
booktitle = {appmaker.xyz},
title = {{Best Examples of Progressive Web Apps (PWAs) in 2020}},
url = {https://appmaker.xyz/pwa-examples-successful-progressive-web-apps/},
year = {2020}
}
% 6
@misc{Sanderson.PWA-and-containers,
author = {Sanderson, Chloe},
booktitle = {UX Collective},
title = {{The best of both worlds: Progressive web apps and desktop containers}},
url = {https://uxdesign.cc/the-best-of-both-worlds-progressive-web-apps-and-desktop-containers-45157e8ee7f0},
year = {2020}
}
% 7
@misc{Leiner.history-of-internet,
author = {Leiner, Barry and Cerf, Vinton and Clark, David and Kahn, Robert and Kleinrock, Leonard and Lynch, Daniel and Postel, Jon and Roberts, Lawrence and Wolff, Stephen},
title = {{Brief History of the Internet}},
url = {https://www.internetsociety.org/internet/history-internet/brief-history-internet/},
year = {1997}
}
% 8
@misc{Warcholinski.PWA-ROI,
author = {Warcholinski, Matt},
booktitle = {Brainhub},
title = {{What Is The ROI Of PWA (Progressive Web Apps)?}},
url = {https://brainhub.eu/blog/roi-of-pwa/},
year = {2020}
}
% 9
@manual{RFC.791.IP,
  abstract = {The Internet Protocol is designed for use in interconnected systems of packet-switched computer communication networks. Such a system has been called a "catenet" [1]. The internet protocol provides for transmitting blocks of data called datagrams from sources to destinations, where sources and destinations are hosts identified by fixed length addresses. The internet protocol also provides for fragmentation and reassembly of long datagrams, if necessary, for transmission through "small packet" networks.},
  added-at = {2009-03-12T15:42:50.000+0100},
  biburl = {https://www.bibsonomy.org/bibtex/2d8634a31ce9104488bb6683a446ad2fc/lillejul},
  citeulike-article-id = {2444670},
  editor = {Postel, Jon},
  interhash = {c68b30c8fe3c2f0e1292f5aa0ecfaba4},
  intrahash = {d8634a31ce9104488bb6683a446ad2fc},
  keywords = {internet protocol rfc},
  organization = {Internet Engineering Task Force},
  posted-at = {2008-02-28 18:26:08},
  priority = {0},
  timestamp = {2009-03-12T15:42:51.000+0100},
  title = {RFC 791 Internet Protocol - DARPA Inernet Programm, Protocol Specification},
  url = {http://tools.ietf.org/html/rfc791},
  year = 1981
}
% 10
@misc{Moscibroda.PWA-przyszlosc-aplikacji-natywnych,
author = {Ma{\'{s}}cibroda, Sebastian},
booktitle = {Unity Group},
month = {aug},
title = {{Przysz{\l}o{\'{s}}{\'{c}} aplikacji natywnych w zetkni{\c{e}}ciu z PWA}},
url = {https://www.unity.pl/blog/przyszlosc-aplikacji-natywnych-w-zetknieciu-z-pwa/},
year = {2019}
}
% 11
@misc{W3C.about,
booktitle = {W3C},
title = {{Sekcja informacji o organizacji na oficjalnej stronie internetowej W3C}},
url = {https://www.w3.org/Consortium}
}
% 12
@misc{StackOverflow.survey,
booktitle = {Stack Exchange, Inc.},
title = {{Stack Overflow Annual Developer Survey}},
url = {https://insights.stackoverflow.com/survey},
year = {2020}
}
% 13
@misc{mOSP,
title = {{Strona internetowa programu mOSP}},
url = {https://matsol.pl/produkty/151}
}
% 14
@misc{OSPiko,
title = {{Strona internetowa programu OSPiko}},
url = {https://ospiko.pl/}
}
% 15
@misc{TOTAL-OSP,
title = {{Strona internetowa programu TOTAL-OSP}},
url = {http://www.total-osp.pl/oprogramie.html}
}
% 16
@misc{Ustawa.o-ochronie-przeciwpozarowej,
title = {{Ustawa z dnia 24 sierpnia 1991 r. o ochronie przeciwpo{\.{z}}arowej, Dz.U. 1991 nr 81 poz. 351 z p{\'{o}}{\'{z}}n. zm.}}
}
% 17
@misc{Ustawa.prawo-o-stowarzyszeniach,
title = {{Ustawa z dnia 7 kwietnia 1989 r. Prawo o stowarzyszeniach, Dz.U. 1989 nr 20 poz. 104 z p{\'{o}}{\'{z}}n. zm.}}
}
% 18
@misc{RFC.index,
booktitle = {IETF},
title = {{Zbi{\'{o}}r dokument{\'{o}}w technicznych Request for Comments (RFC)}},
url = {https://tools.ietf.org/rfc/index}
}

@misc{RFC.1866.HTML-2,
	series =	{Request for Comments},
	number =	1866,
	howpublished =	{RFC 1866},
	publisher =	{RFC Editor},
	doi =		{10.17487/RFC1866},
	url =		{https://rfc-editor.org/rfc/rfc1866.txt},
        author =	{Tim Berners-Lee and Daniel W. Connolly},
	title =		{{Hypertext Markup Language - 2.0}},
	pagetotal =	77,
	year =		1995,
	month =		nov,
	abstract =	{This document defines a HTML 2.0 (to distinguish it from the previous informal specifications). {[}STANDARDS-TRACK{]}},
}

@misc{ISO.HTML,
abstract = {International Standard of a specification of a core of the W3C Recommendation for HTML 4.0 which is deemed sufficiently stale and mature to form an ISO/IEC International Standard.},
author = {Price, Roger and Abrahamson, David},
keywords = {ISO/IEC International Standard for the HTML Language},
title = {{ISO/IEC 15445:2000(E)}},
year = {2003},
url = {http://purl.org/NET/ISO+IEC.15445/15445.html}
}

@misc{html.whatwg,
title = {{Strona internetowa żywego standardu HTML5}},
url = {https://html.spec.whatwg.org/}
}

@book{Mazur.html5-css3,
author = {Mazur, Dawid},
edition = {II},
isbn = {978-83-01-18201-4},
mendeley-groups = {Praca in{\.{z}}ynierska},
publisher = {Wydawnictwo Naukowe PWN SA},
title = {{HTML5 i CSS3. Definicja nowoczesno{\'{s}}ci}},
year = {2015}
}

@misc{css.media-queries,
title = {{Dokumentacja zapytań media na stronie CSS Working Group (W3C)}},
url = {https://drafts.csswg.org/mediaqueries-3/}
}

@misc{js.history,
author = {International JavaScript Institute},
title = {{Historia standardu JavaScript}},
url = {https://www.javascriptinstitute.org/javascript-tutorial/history-of-javascript/}
}

@misc{js.docs,
author = {Mozilla Developer Network},
title = {{Dokumentacja standardu JavaScript}},
url = {https://developer.mozilla.org/en-US/docs/Learn/JavaScript/First_steps/What_is_JavaScript}
}

@misc{js.dom,
author = {Mozilla Developer Network},
title = {{Dokumentacja interfejsu programistycznego modelu obiektowego dokumentu (DOM API)}},
url = {https://developer.mozilla.org/en-US/docs/Web/API/Document_Object_Model}
}

@misc{wasm.concepts,
author = {Mozilla Developer Network},
title = {{Dokumentacja standardu WebAssebly}},
url = {https://developer.mozilla.org/en-US/docs/WebAssembly/Concepts}
}

@misc{http.docs,
author = {Mozilla Developer Network},
title = {{Dokumentacja protokołu HTTP}},
url = {https://developer.mozilla.org/en-US/docs/Web/HTTP}
}

@misc{cookies.docs,
author = {Mozilla Developer Network},
title = {{Dokumentacja ciasteczek HTTP}},
url = {https://developer.mozilla.org/en-US/docs/Web/HTTP/Cookies}
}

@misc{cookies.rfc6265,
	series =	{Request for Comments},
	number =	6265,
	howpublished =	{RFC 6265},
	publisher =	{RFC Editor},
	doi =		{10.17487/RFC6265},
	url =		{https://www.rfc-editor.org/info/rfc6265},
        author =	{Adam Barth},
	title =		{{HTTP State Management Mechanism}},
	pagetotal =	37,
	year =		2011,
	month =		apr,
	abstract =	{This document defines the HTTP Cookie and Set-Cookie header fields. These header fields can be used by HTTP servers to store state (called cookies) at HTTP user agents, letting the servers maintain a stateful session over the mostly stateless HTTP protocol. Although cookies have many historical infelicities that degrade their security and privacy, the Cookie and Set-Cookie header fields are widely used on the Internet. This document obsoletes RFC 2965. {[}STANDARDS-TRACK{]}},
}

@misc{web_storage.docs,
author = {Mozilla Developer Network},
title = {{Dokumentacja interfejsu programistycznego pamięci webowej (Web Storage API)}},
url = {https://developer.mozilla.org/en-US/docs/Web/API/Web_Storage_API/Using_the_Web_Storage_API}
}

@misc{jwt.rfc7519,
	series =	{Request for Comments},
	number =	7519,
	howpublished =	{RFC 7519},
	publisher =	{RFC Editor},
	doi =		{10.17487/RFC7519},
	url =		{https://www.rfc-editor.org/info/rfc7519},
        author =	{Michael Jones and John Bradley and Nat Sakimura},
	title =		{{JSON Web Token (JWT)}},
	pagetotal =	30,
	year =		2015,
	month =		may,
	abstract =	{JSON Web Token (JWT) is a compact, URL-safe means of representing claims to be transferred between two parties. The claims in a JWT are encoded as a JSON object that is used as the payload of a JSON Web Signature (JWS) structure or as the plaintext of a JSON Web Encryption (JWE) structure, enabling the claims to be digitally signed or integrity protected with a Message Authentication Code (MAC) and/or encrypted.},
}

@misc{jwt.auth0,
author = {Auth0 Inc.},
title = {{Dokumentacja tokenów JSON Web Token (JWT)}},
url = {https://auth0.com/docs/secure/tokens/json-web-tokens}
}

@MISC{restapi.genesis,
    author = {Fielding, Roy Thomas},
    title = {Architectural Styles and the Design of Network-based Software Architectures},
    year = {2000}
}

@misc{restapi.media_types.rfc6838,
	series =	{Request for Comments},
	number =	6838,
	howpublished =	{RFC 6838},
	publisher =	{RFC Editor},
	doi =		{10.17487/RFC6838},
	url =		{https://www.rfc-editor.org/info/rfc6838},
        author =	{Ned Freed and Dr. John C. Klensin and Tony Hansen},
	title =		{{Media Type Specifications and Registration Procedures}},
	pagetotal =	32,
	year =		2013,
	month =		jan,
	abstract =	{This document defines procedures for the specification and registration of media types for use in HTTP, MIME, and other Internet protocols. This memo documents an Internet Best Current Practice.},
}